@book{kompendium,
 author = {Stålhane, Tor},
 title = {Software Quality and Process Improvement (compendium)},
 year = {2011},
 publisher = {Tapir Akademisk Forlag},
}

@book{kvalitet,
 author = "Greta Hjertø and Tore Berg Hansen",
 title = {Kvalitet og Programvareutvikling},
 year = {2010},
 publisher = {TISIP},
}

@book{progark,
 author = "Bass, Clements, and Kazman",
 title = {Software Architecture in Practice SE},
 year = {2010},
 publisher = {Pearson},
}

@book{questions,
 author = "M. Neil Browne and Stuart M. Keeley",
 title = {Asking the Right Questions},
 year = {2010},
 publisher = {PEARSON},
}

@book{mergers,
 author = "KPMG",
 title = {Mergers and Acquisitions - a global research report},
 year = {1999},
 publisher = {KPMG},
}

@book{myth,
 author = "Scott Berkun",
 title = {The Myth of Innovation},
 year = {2007},
 publisher = {O'Reilly Media},
}

@misc{sdk,
	author = "Android developers",
    title = "SDK",
    year = {2012},
    howpublished = "\url{http://developer.android.com/index.html}"
}

@misc{Android,
	author = "Android",
    title = "Android OS",
    year = {2012},
    howpublished = "\url{http://www.android.com/about/}"
}

@misc{Skiller,
	author = "Skiller-games",
    title = "Skiller - The World's Playground",
    year = {2012},
    howpublished = "\url{http://www.skiller-games.com/Default.aspx}"
}

@misc{playfish,
	author = "Wiki",
    title = "Playfish Acquisition",
    year = {2009},
    howpublished = "\url{http://en.wikipedia.org/wiki/Electronic_Arts}"
}

@misc{google20,
	author = "Web Article",
    title = "Google 20 Percent",
    year = {2011},
    howpublished = "\url{http://www.google.com/jobs/lifeatgoogle/englife/index.html}"
}

@misc{google,
	author = "Wiki",
    title = "Google",
    year = {2011},
    howpublished = "\url{http://en.wikipedia.org/wiki/Google}"
}

@misc{GNU,
    title = "GNU General Public License",
    howpublished = "\url{http://www.gnu.org/licenses/gpl.html}"
}
