@book{progark,
 author = "Bass, Clements, and Kazman",
 title = {Software Architecture in Practice SE},
 year = {2010},
 publisher = {Pearson},
}

@misc{Android,
	author = "Wiki",
    title = "Android OS",
    year = {2012},
    howpublished = "\url{http://en.wikipedia.org/wiki/Android_(operating_system)}"
}

@misc{google,
	author = "Wiki",
    title = "Google",
    year = {2011},
    howpublished = "\url{http://en.wikipedia.org/wiki/Google}"
}

@misc{skiller,
    title = "Skiller Multiplayer Framework",
    howpublished = "\url{http://www.skiller-games.com}"
}

@misc{morris,
	author = "Wiki",
    title = "Nine Men's Morris",
    howpublished = "\url{http://en.wikipedia.org/wiki/Nine_Men%27s_Morris}"
}


